% This file was created with JabRef 2.10.
% Encoding: UTF-8


@InProceedings{Adleman1980,
  Title                    = {On distinguishing prime numbers from composite numbers},
  Author                   = {Adleman, Leonard M},
  Booktitle                = {Foundations of Computer Science, 1980., 21st Annual Symposium on},
  Year                     = {1980},
  Organization             = {IEEE},
  Pages                    = {387--406}
}

@Article{BarkleyRosser1962,
  Title                    = {Approximate formulas for some functions of prime numbers},
  Author                   = {Barkley Rosser, J and Schoenfeld, Lowell},
  Journal                  = {Illinois Journal of Mathematics},
  Year                     = {1962},
  Pages                    = {6z--9z},
  Volume                   = {6}
}

@Book{Crandall2006,
  Title                    = {Prime numbers: a computational perspective},
  Author                   = {Crandall, Richard and Pomerance, Carl},
  Publisher                = {Springer Science \& Business Media},
  Year                     = {2006},
  Volume                   = {182}
}

@Book{Ingham1932,
  Title                    = {The distribution of prime numbers},
  Author                   = {Ingham, Albert Edward},
  Publisher                = {Cambridge University Press},
  Year                     = {1932},
  Number                   = {30}
}

@Book{Riesel2012,
  Title                    = {Prime numbers and computer methods for factorization},
  Author                   = {Riesel, Hans},
  Publisher                = {Springer Science \& Business Media},
  Year                     = {2012},
  Volume                   = {126}
}

